<record><leader>00000cas a2200000 a 4500</leader><controlfield tag="001">25813149</controlfield><controlfield tag="008">920514d196719uucauwr ne      0    0eng c</controlfield><datafield ind1=" " ind2=" " tag="010"><subfield code="a">sn2003061259</subfield></datafield><datafield ind1=" " ind2=" " tag="040"><subfield code="a">BUF</subfield><subfield code="b">eng</subfield><subfield code="c">BUF</subfield><subfield code="d">CNK</subfield><subfield code="d">OCLCQ</subfield><subfield code="d">OCLCO</subfield><subfield code="d">OCLCF</subfield></datafield><datafield ind1="1" ind2=" " tag="029"><subfield code="a">AU@</subfield><subfield code="b">000024976162</subfield></datafield><datafield ind1=" " ind2=" " tag="042"><subfield code="a">pcc</subfield></datafield><datafield ind1=" " ind2=" " tag="043"><subfield code="a">n-us-ca</subfield></datafield><datafield ind1="0" ind2=" " tag="130"><subfield code="a">Grok (Goleta, Calif.)</subfield></datafield><datafield ind1="1" ind2="4" tag="245"><subfield code="a">The grok.</subfield></datafield><datafield ind1=" " ind2=" " tag="260"><subfield code="a">Goleta, Calif. :</subfield><subfield code="b">[s.n.],</subfield><subfield code="c">1967-</subfield></datafield><datafield ind1=" " ind2=" " tag="300"><subfield code="a">v.</subfield></datafield><datafield ind1=" " ind2=" " tag="310"><subfield code="a">Weekly</subfield></datafield><datafield ind1="0" ind2=" " tag="362"><subfield code="a">No. 1 ([May 12] 1967)-</subfield></datafield><datafield ind1=" " ind2=" " tag="500"><subfield code="a">Editor: Jack Shoemaker.</subfield></datafield><datafield ind1=" " ind2=" " tag="515"><subfield code="a">Issues lack vol. designation.</subfield></datafield><datafield ind1=" " ind2="0" tag="651"><subfield code="a">Goleta (Calif.)</subfield><subfield code="v">Newspapers.</subfield></datafield><datafield ind1=" " ind2="0" tag="651"><subfield code="a">Isla Vista (Calif.)</subfield><subfield code="v">Newspapers.</subfield></datafield><datafield ind1=" " ind2="7" tag="655"><subfield code="a">Newspapers.</subfield><subfield code="2">fast</subfield><subfield code="0">(OCoLC)fst01423814</subfield></datafield><datafield ind1=" " ind2="7" tag="651"><subfield code="a">California</subfield><subfield code="z">Goleta.</subfield><subfield code="2">fast</subfield><subfield code="0">(OCoLC)fst01212419</subfield></datafield><datafield ind1=" " ind2="7" tag="651"><subfield code="a">California</subfield><subfield code="z">Isla Vista.</subfield><subfield code="2">fast</subfield><subfield code="0">(OCoLC)fst01257543</subfield></datafield><datafield ind1="1" ind2=" " tag="700"><subfield code="a">Shoemaker, Jack.</subfield></datafield><datafield ind1=" " ind2=" " tag="752"><subfield code="a">United States</subfield><subfield code="b">California</subfield><subfield code="c">Santa Barbara</subfield><subfield code="d">Goleta.</subfield></datafield></record>